/home/yirongwu/Documents/bibtex/mathpaper.bib